<?xml version="1.0" encoding="UTF-8"?><collection xmlns="http://www.loc.gov/MARC21/slim"><record><leader>00407nam--2200121-i-4500</leader><controlfield tag="001">000038983</controlfield><controlfield tag="002">20161230</controlfield><controlfield tag="005">20161230201042</controlfield><controlfield tag="008">060222s1000------------r-----000-0-eng-d</controlfield><datafield ind1=" " ind2=" " tag="100"><subfield code="a">Richert,R</subfield></datafield><datafield ind1=" " ind2=" " tag="245"><subfield code="a">Contribution a la technique des coincidences rapides et etude de quelques probalitite de transition e2 dans le noyaux legers</subfield></datafield><datafield ind1=" " ind2=" " tag="260"><subfield code="a">Strasbourg, Faculte Des Sciences, 1961. 118 P. These</subfield></datafield><datafield ind1=" " ind2=" " tag="852"><subfield code="a">19586</subfield></datafield></record></collection>